@article{lample2017unsupervised,
  title={Unsupervised machine translation using monolingual corpora only},
  author={Lample, Guillaume and Denoyer, Ludovic and Ranzato, Marc'Aurelio},
  journal={arXiv preprint arXiv:1711.00043},
  year={2017}
}

@article{kimimproving,
  title={Improving Unsupervised Word-by-Word Translation with Language Model and Denoising Autoencoder},
  author={Kim, Yunsu and Ney, Jiahui Geng Hermann}
}

@article{sennrich2015neural,
  title={Neural machine translation of rare words with subword units},
  author={Sennrich, Rico and Haddow, Barry and Birch, Alexandra},
  journal={arXiv preprint arXiv:1508.07909},
  year={2015}
}

@article{bahdanau2014neural,
  title={Neural machine translation by jointly learning to align and translate},
  author={Bahdanau, Dzmitry and Cho, Kyunghyun and Bengio, Yoshua},
  journal={arXiv preprint arXiv:1409.0473},
  year={2014}
}

@inproceedings{zou2013bilingual,
  title={Bilingual word embeddings for phrase-based machine translation},
  author={Zou, Will Y and Socher, Richard and Cer, Daniel and Manning, Christopher D},
  booktitle={Proceedings of the 2013 Conference on Empirical Methods in Natural Language Processing},
  pages={1393--1398},
  year={2013}
}

@inproceedings{bertoldi2009domain,
  title={Domain adaptation for statistical machine translation with monolingual resources},
  author={Bertoldi, Nicola and Federico, Marcello},
  booktitle={Proceedings of the fourth workshop on statistical machine translation},
  pages={182--189},
  year={2009},
  organization={Association for Computational Linguistics}
}

