% Encoding: UTF-8
@article{Cho2014,
  author        = {KyungHyun Cho and Bart van Merrienboer and Dzmitry Bahdanau and Yoshua Bengio},
  title         = {On the Properties of Neural Machine Translation: Encoder-Decoder Approaches},
  journal       = {CoRR},
  year          = {2014},
  volume        = {abs/1409.1259},
  eprint        = {1409.1259},
  url           = {http://arxiv.org/abs/1409.1259},
  archiveprefix = {arXiv},
  bibsource     = {dblp computer science bibliography, https://dblp.org},
  biburl        = {https://dblp.org/rec/bib/journals/corr/ChoMBB14},
  timestamp     = {Mon, 13 Aug 2018 16:47:23 +0200},
}

@article{Wu2016,
  author        = {Yonghui Wu and Mike Schuster and Zhifeng Chen and Quoc V. Le and Mohammad Norouzi and Wolfgang Macherey and Maxim Krikun and Yuan Cao and Qin Gao and Klaus Macherey and Jeff Klingner and Apurva Shah and Melvin Johnson and Xiaobing Liu and Lukasz Kaiser and Stephan Gouws and Yoshikiyo Kato and Taku Kudo and Hideto Kazawa and Keith Stevens and George Kurian and Nishant Patil and Wei Wang and Cliff Young and Jason Smith and Jason Riesa and Alex Rudnick and Oriol Vinyals and Greg Corrado and Macduff Hughes and Jeffrey Dean},
  title         = {Google's Neural Machine Translation System: Bridging the Gap between Human and Machine Translation},
  journal       = {CoRR},
  year          = {2016},
  volume        = {abs/1609.08144},
  eprint        = {1609.08144},
  url           = {http://arxiv.org/abs/1609.08144},
  archiveprefix = {arXiv},
  bibsource     = {dblp computer science bibliography, https://dblp.org},
  biburl        = {https://dblp.org/rec/bib/journals/corr/WuSCLNMKCGMKSJL16},
  timestamp     = {Mon, 13 Aug 2018 16:46:24 +0200},
}



@inproceedings{Zou2013,
  author    = {Zou, Will Y. and Socher, Richard and Cer, Daniel and Manning, Christopher D.},
  title     = {Bilingual Word Embeddings for Phrase-Based Machine Translation},
  booktitle = {Proceedings of the 2013 Conference on Empirical Methods in Natural Language Processing},
  year      = {2013},
  publisher = {Association for Computational Linguistics},
  location  = {Seattle, Washington, USA},
  pages     = {1393--1398},
  url       = {http://aclweb.org/anthology/D13-1141},
}

@incollection{Sutskever2014,
  author    = {Sutskever, Ilya and Vinyals, Oriol and Le, Quoc V},
  title     = {Sequence to Sequence Learning with Neural Networks},
  booktitle = {Advances in Neural Information Processing Systems 27},
  year      = {2014},
  editor    = {Z. Ghahramani and M. Welling and C. Cortes and N. D. Lawrence and K. Q. Weinberger},
  publisher = {Curran Associates, Inc.},
  pages     = {3104--3112},
  url       = {http://papers.nips.cc/paper/5346-sequence-to-sequence-learning-with-neural-networks.pdf},
}

@inproceedings{Bertoldi2009,
  author        = {Bertoldi, Nicola and Federico, Marcello},
  title         = {Domain Adaptation for Statistical Machine Translation with Monolingual Resources},
  booktitle     = {Proceedings of the Fourth Workshop on Statistical Machine Translation},
  year          = {2009},
  series        = {StatMT '09},
  publisher     = {Association for Computational Linguistics},
  location      = {Athens, Greece},
  pages         = {182--189},
  url           = {http://dl.acm.org/citation.cfm?id=1626431.1626468},
  __markedentry = {[Настя:]},
  acmid         = {1626468},
  address       = {Stroudsburg, PA, USA},
  numpages      = {8},
}

@article{Lample2017,
  author        = {Guillaume Lample and Ludovic Denoyer and Marc'Aurelio Ranzato},
  title         = {Unsupervised Machine Translation Using Monolingual Corpora Only},
  journal       = {CoRR},
  year          = {2017},
  volume        = {abs/1711.00043},
  eprint        = {1711.00043},
  url           = {http://arxiv.org/abs/1711.00043},
  __markedentry = {[Настя:6]},
  archiveprefix = {arXiv},
  bibsource     = {dblp computer science bibliography, https://dblp.org},
  biburl        = {https://dblp.org/rec/bib/journals/corr/abs-1711-00043},
  timestamp     = {Mon, 13 Aug 2018 16:48:41 +0200},
}

@article{conneau2017word, 
title={Word Translation Without Parallel Data}, 
author={Conneau, Alexis and Lample, Guillaume and Ranzato, Marc'Aurelio and Denoyer, Ludovic and J{\'e}gou, Herv{\'e}}, 
journal={arXiv preprint arXiv:1710.04087}, 
year={2017} 
}

@comment{jabref-meta: databaseType:biblatex;}
