@inproceedings{papineni2002bleu,
title={BLEU: a method for automatic evaluation of machine translation},
author={Papineni, Kishore and Roukos, Salim and Ward, Todd and Zhu, Wei-Jing},
booktitle={Proceedings of the 40th annual meeting on association for computational linguistics},
pages={311--318},
year={2002},
organization={Association for Computational Linguistics}
}
@article{cho2014properties,
title={On the properties of neural machine translation: Encoder-decoder approaches},
author={Cho, Kyunghyun and Van Merri{\"e}nboer, Bart and Bahdanau, Dzmitry and Bengio, Yoshua},
journal={arXiv preprint arXiv:1409.1259},
year={2014}
}
@book{koehn2009statistical,
title={Statistical machine translation},
author={Koehn, Philipp},
year={2009},
publisher={Cambridge University Press}
}
@inproceedings{koehn2007moses,
title={Moses: Open source toolkit for statistical machine translation},
author={Koehn, Philipp and Hoang, Hieu and Birch, Alexandra and Callison-Burch, Chris and Federico, Marcello and Bertoldi, Nicola and Cowan, Brooke and Shen, Wade and Moran, Christine and Zens, Richard and others},
booktitle={Proceedings of the 45th annual meeting of the ACL on interactive poster and demonstration sessions},
pages={177--180},
year={2007},
organization={Association for Computational Linguistics}
}
@article{weiss2017sequence,
  title={Sequence-to-sequence models can directly translate foreign speech},
  author={Weiss, Ron J and Chorowski, Jan and Jaitly, Navdeep and Wu, Yonghui and Chen, Zhifeng},
  journal={arXiv preprint arXiv:1703.08581},
  year={2017}
}

@article{wu2016google,
	title={Google's neural machine translation system: Bridging the gap between human and machine translation},
	author={Wu, Yonghui and Schuster, Mike and Chen, Zhifeng and Le, Quoc V and Norouzi, Mohammad and Macherey, Wolfgang and Krikun, Maxim and Cao, Yuan and Gao, Qin and Macherey, Klaus and others},
	journal={arXiv preprint arXiv:1609.08144},
	year={2016}
}

@inproceedings{sutskever2014sequence,
	title={Sequence to sequence learning with neural networks},
	author={Sutskever, Ilya and Vinyals, Oriol and Le, Quoc V},
	booktitle={Advances in neural information processing systems},
	pages={3104--3112},
	year={2014}
}
@article{conneau2017word,
	title={Word translation without parallel data},
	author={Conneau, Alexis and Lample, Guillaume and Ranzato, Marc'Aurelio and Denoyer, Ludovic and J{\'e}gou, Herv{\'e}},
	journal={arXiv preprint arXiv:1710.04087},
	year={2017}
}