% Encoding: UTF-8

@Article{lample2017unsupervised,
  author  = {Lample, Guillaume and Denoyer, Ludovic and Ranzato,Marc'Aurelio},
  title   = {Unsupervised machine translation using monolingual corpora only},
  journal = {arXiv preprint arXiv:1711.00043},
  year    = {2017},
}

@Article{kimimproving,
  author = {Kim, Yunsu and Ney, Jiahui Geng Hermann},
  title  = {Improving Unsupervised Word-by-Word Translation with Language Model and Denoising Autoencoder},
}

@Article{sennrich2015neural,
  author  = {Sennrich, Rico and Haddow, Barry and Birch, Alexandra},
  title   = {Neural machine translation of rare words with subword units},
  journal = {arXiv preprint arXiv:1508.07909},
  year    = {2015},
}

@Article{bahdanau2014neural,
  author  = {Bahdanau, Dzmitry and Cho, Kyunghyun and Bengio, Yoshua},
  title   = {Neural machine translation by jointly learning to align and translate},
  journal = {arXiv preprint arXiv:1409.0473},
  year    = {2014},
}

@InProceedings{zou2013bilingual,
  author    = {Zou, Will Y and Socher, Richard and Cer, Daniel and Manning, Christopher D},
  title     = {Bilingual word embeddings for phrase-based machine translation},
  booktitle = {Proceedings of the 2013 Conference on Empirical Methods in Natural Language Processing},
  year      = {2013},
  pages     = {1393--1398},
}

@InProceedings{bertoldi2009domain,
  author       = {Bertoldi, Nicola and Federico, Marcello},
  title        = {Domain adaptation for statistical machine translation with monolingual resources},
  booktitle    = {Proceedings of the fourth workshop on statistical machine translation},
  year         = {2009},
  pages        = {182--189},
  organization = {Association for Computational Linguistics},
}
@inproceedings{papineni2002bleu,
title={BLEU: a method for automatic evaluation of machine translation},
author={Papineni, Kishore and Roukos, Salim and Ward, Todd and Zhu, Wei-Jing},
booktitle={Proceedings of the 40th annual meeting on association for computational linguistics},
pages={311--318},
year={2002},
organization={Association for Computational Linguistics}
}
@article{cho2014properties,
title={On the properties of neural machine translation: Encoder-decoder approaches},
author={Cho, Kyunghyun and Van Merri{\"e}nboer, Bart and Bahdanau, Dzmitry and Bengio, Yoshua},
journal={arXiv preprint arXiv:1409.1259},
year={2014}
}
@book{koehn2009statistical,
title={Statistical machine translation},
author={Koehn, Philipp},
year={2009},
publisher={Cambridge University Press}
}
@inproceedings{koehn2007moses,
title={Moses: Open source toolkit for statistical machine translation},
author={Koehn, Philipp and Hoang, Hieu and Birch, Alexandra and Callison-Burch, Chris and Federico, Marcello and Bertoldi, Nicola and Cowan, Brooke and Shen, Wade and Moran, Christine and Zens, Richard and others},
booktitle={Proceedings of the 45th annual meeting of the ACL on interactive poster and demonstration sessions},
pages={177--180},
year={2007},
organization={Association for Computational Linguistics}
}
@article{weiss2017sequence,
  title={Sequence-to-sequence models can directly translate foreign speech},
  author={Weiss, Ron J and Chorowski, Jan and Jaitly, Navdeep and Wu, Yonghui and Chen, Zhifeng},
  journal={arXiv preprint arXiv:1703.08581},
  year={2017}
}
@Comment{jabref-meta: databaseType:bibtex;}
