% Encoding: UTF-8

@Article{lample2017unsupervised,
  author  = {Lample, Guillaume and Denoyer, Ludovic and Ranzato, Marc'Aurelio},
  title   = {Unsupervised machine translation using monolingual corpora only},
  journal = {arXiv preprint arXiv:1711.00043},
  year    = {2017},
}

@Article{kimimproving,
  author = {Kim, Yunsu and Ney, Jiahui Geng Hermann},
  title  = {Improving Unsupervised Word-by-Word Translation with Language Model and Denoising Autoencoder},
  year   = {2018},
}

@Article{sennrich2015neural,
  author  = {Sennrich, Rico and Haddow, Barry and Birch, Alexandra},
  title   = {Neural machine translation of rare words with subword units},
  journal = {arXiv preprint arXiv:1508.07909},
  year    = {2015},
}

@Article{bahdanau2014neural,
  author  = {Bahdanau, Dzmitry and Cho, Kyunghyun and Bengio, Yoshua},
  title   = {Neural machine translation by jointly learning to align and translate},
  journal = {arXiv preprint arXiv:1409.0473},
  year    = {2014},
}

@InProceedings{zou2013bilingual,
  author    = {Zou, Will Y and Socher, Richard and Cer, Daniel and Manning, Christopher D},
  title     = {Bilingual word embeddings for phrase-based machine translation},
  booktitle = {Proceedings of the 2013 Conference on Empirical Methods in Natural Language Processing},
  year      = {2013},
  pages     = {1393--1398},
}

@InProceedings{bertoldi2009domain,
  author       = {Bertoldi, Nicola and Federico, Marcello},
  title        = {Domain adaptation for statistical machine translation with monolingual resources},
  booktitle    = {Proceedings of the fourth workshop on statistical machine translation},
  year         = {2009},
  pages        = {182--189},
  organization = {Association for Computational Linguistics},
}

@Article{gers1999learning,
  author    = {Gers, Felix A and Schmidhuber, J{\"u}rgen and Cummins, Fred},
  title     = {Learning to forget: Continual prediction with LSTM},
  year      = {1999},
  publisher = {IET},
}

@Article{graves2005framewise,
  author    = {Graves, Alex and Schmidhuber, Jurgen},
  title     = {Framewise phoneme classification with bidirectional LSTM and other neural network architectures},
  journal   = {Neural Networks},
  year      = {2005},
  volume    = {18},
  number    = {5-6},
  pages     = {602--610},
  publisher = {Elsevier},
}

@Article{goldberg2014word2vec,
  author  = {Goldberg, Yoav and Levy, Omer},
  title   = {word2vec Explained: deriving Mikolov et al.'s negative-sampling word-embedding method},
  journal = {arXiv preprint arXiv:1402.3722},
  year    = {2014},
}

@Article{cho2014properties,
  author  = {Cho, Kyunghyun and Van Merri{\"e}nboer, Bart and Bahdanau, Dzmitry and Bengio, Yoshua},
  title   = {On the properties of neural machine translation: Encoder-decoder approaches},
  journal = {arXiv preprint arXiv:1409.1259},
  year    = {2014},
}

@Article{luong2015effective,
  author  = {Luong, Minh-Thang and Pham, Hieu and Manning, Christopher D},
  title   = {Effective approaches to attention-based neural machine translation},
  journal = {arXiv preprint arXiv:1508.04025},
  year    = {2015},
}

@InProceedings{koehn2007moses,
  author       = {Koehn, Philipp and Hoang, Hieu and Birch, Alexandra and Callison-Burch, Chris and Federico, Marcello and Bertoldi, Nicola and Cowan, Brooke and Shen, Wade and Moran, Christine and Zens, Richard and others},
  title        = {Moses: Open source toolkit for statistical machine translation},
  booktitle    = {Proceedings of the 45th annual meeting of the ACL on interactive poster and demonstration sessions},
  year         = {2007},
  pages        = {177--180},
  organization = {Association for Computational Linguistics},
}

@InProceedings{papineni2002bleu,
  author       = {Papineni, Kishore and Roukos, Salim and Ward, Todd and Zhu, Wei-Jing},
  title        = {BLEU: a method for automatic evaluation of machine translation},
  booktitle    = {Proceedings of the 40th annual meeting on association for computational linguistics},
  year         = {2002},
  pages        = {311--318},
  organization = {Association for Computational Linguistics},
}

@Article{wu2016google,
  author  = {Wu, Yonghui and Schuster, Mike and Chen, Zhifeng and Le, Quoc V and Norouzi, Mohammad and Macherey, Wolfgang and Krikun, Maxim and Cao, Yuan and Gao, Qin and Macherey, Klaus and others},
  title   = {Google's neural machine translation system: Bridging the gap between human and machine translation},
  journal = {arXiv preprint arXiv:1609.08144},
  year    = {2016},
}

@InProceedings{sutskever2014sequence,
  author    = {Sutskever, Ilya and Vinyals, Oriol and Le, Quoc V},
  title     = {Sequence to sequence learning with neural networks},
  booktitle = {Advances in neural information processing systems},
  year      = {2014},
  pages     = {3104--3112},
}

@Article{conneau2017word,
  author  = {Conneau, Alexis and Lample, Guillaume and Ranzato, Marc'Aurelio and Denoyer, Ludovic and J{\'e}gou, Herv{\'e}},
  title   = {Word translation without parallel data},
  journal = {arXiv preprint arXiv:1710.04087},
  year    = {2017},
}

@Comment{jabref-meta: databaseType:bibtex;}
